
@book{example,
  title={Example Book},
  author={Author, A.},
  year={2023},
  publisher={Example Publisher}
}