@book{brenner2008mathematical,
  title={The Mathematical Theory of Finite Element Methods},
  author={Brenner, Susanne C and Scott, Larkin Ridgway},
  year={2008},
  publisher={Springer},
  address={New York},
  edition={3},
  isbn={978-0-387-75933-3}
}

@book{ciarlet2002finite,
  title={The Finite Element Method for Elliptic Problems},
  author={Ciarlet, Philippe G},
  year={2002},
  publisher={SIAM},
  address={Philadelphia},
  series={Classics in Applied Mathematics},
  isbn={978-0-89871-514-9}
}

@article{strang1973analysis,
  title={Analysis of the Finite Element Method},
  author={Strang, Gilbert and Fix, George J},
  journal={Prentice-Hall Series in Automatic Computation},
  year={1973},
  publisher={Prentice-Hall}
}

@book{quarteroni2009numerical,
  title={Numerical Models for Differential Problems},
  author={Quarteroni, Alfio},
  year={2009},
  publisher={Springer},
  address={Milan},
  series={MS\&A},
  isbn={978-88-470-1070-3}
}

@article{hughes2000finite,
  title={The finite element method: Linear static and dynamic finite element analysis},
  author={Hughes, Thomas JR},
  journal={Computer Methods in Applied Mechanics and Engineering},
  volume={51},
  number={1-3},
  pages={3--4},
  year={2000},
  publisher={Dover Publications}
}

@book{larson2013finite,
  title={The Finite Element Method: Theory, Implementation, and Applications},
  author={Larson, Mats G and Bengzon, Fredrik},
  year={2013},
  publisher={Springer},
  series={Texts in Computational Science and Engineering},
  isbn={978-3-642-33286-9}
}

@article{babuska1990finite,
  title={The p and h-p versions of the finite element method, basic principles and properties},
  author={Babu{\v{s}}ka, Ivo and Suri, Manil},
  journal={SIAM review},
  volume={36},
  number={4},
  pages={578--632},
  year={1994},
  publisher={SIAM}
}

@article{zienkiewicz2005finite,
  title={The finite element method for fluid dynamics},
  author={Zienkiewicz, Olgierd Cecil and Taylor, Robert L and Nithiarasu, Perumal},
  year={2005},
  publisher={Elsevier}
}
